@online{abs,
  year={2022},
  month={08},
  Title="{What is adaptive bitrate streaming?}",
  url="https://bitmovin.com/adaptive-streaming/",
}

@online{wowza,
	year = {2022},
    month = {08},
	Title = {What Is HLS (HTTP Live Streaming)? },
	url = {https://www.wowza.com/blog/hls-streaming-protocol}
}

@online{applehls,
	year = {2022},
    month = {08},
	Title = {About HTTP Live Streaming},
	url = {https://developer.apple.com/library/archive/referencelibrary/GettingStarted/AboutHTTPLiveStreaming/about/about.html}
}

@online{refs,
	year = {2022},
    month = {08},
	Title = {RF 8216 - HTTP Live Streaming},
	url = {https://datatracker.ietf.org/doc/html/rfc8216#section-4.3.3}
}

@article{adinsertion,
  title={Dynamic ad-insertion and content orchestration workflows through manifest manipulation in HLS and MPEG-DASH},
  author={R. Seeliger, D. Silhavy, Dr. S. Arbanowski},
  journal={2017 IEEE Conference on Communications and Network Security (CNS): SPA},
  year={2017}
}

@article{ssai,
  title={Increasing ad personalization with server-side ad insertion},
  author={L. Bringuier},
  journal={IBC 2016 Conference},
  year={2016}
}

@online{hlsparser,
	year = {2022},
    month = {05},
	Title = {hls-parser},
	url = {https://www.npmjs.com/package/hls-parser}
}

@online{npm,
	year = {2022},
    month = {07},
	Title = {Creating and publishing private packages},
	url = {https://docs.npmjs.com/creating-and-publishing-private-packages}
}

@article{measures,
  title={ABR Streaming with Separate Audio and Video Tracks: Measurements and Best Practices},
  author={Y. Qin, S. Sen, B. Wang},
  journal={CoNEXTâ€™19},
  year={2019}
}